[gd_scene load_steps=6 format=2]

[ext_resource path="res://Scenes/LavaFloor.gd" type="Script" id=1]
[ext_resource path="res://Ramona/Buildings/BuildingsLava.material" type="Material" id=2]
[ext_resource path="res://Ramona/Buildings/block.obj" type="ArrayMesh" id=3]

[sub_resource type="BoxShape" id=1]

extents = Vector3( 40, 40, 40 )

[sub_resource type="BoxShape" id=2]

extents = Vector3( 40, 10, 40 )

[node name="Floor" type="Spatial"]
script = ExtResource( 1 )
_sections_unfolded = [ "Transform" ]

[node name="MeshInstance" type="MeshInstance" parent="." index="0"]
transform = Transform( 1, 0, 0, 0, 1, 0, 0, 0, 1, 0, -64, 0 )
layers = 1
material_override = ExtResource( 2 )
cast_shadow = 1
extra_cull_margin = 0.0
use_in_baked_light = false
lod_min_distance = 0.0
lod_min_hysteresis = 0.0
lod_max_distance = 0.0
lod_max_hysteresis = 0.0
mesh = ExtResource( 3 )
skeleton = NodePath("..")
material/0 = null
_sections_unfolded = [ "Geometry", "Transform" ]

[node name="StaticBody" type="StaticBody" parent="MeshInstance" index="0"]
transform = Transform( 1, 0, 0, 0, 1, 0, 0, 0, 1, 32, 24, 0 )
input_ray_pickable = true
input_capture_on_drag = false
collision_layer = 1
collision_mask = 1
friction = 1.0
bounce = 0.0
constant_linear_velocity = Vector3( 0, 0, 0 )
constant_angular_velocity = Vector3( 0, 0, 0 )
_sections_unfolded = [ "Transform" ]

[node name="CollisionShape" type="CollisionShape" parent="MeshInstance/StaticBody" index="0"]
shape = SubResource( 1 )
disabled = false

[node name="Area" type="Area" parent="MeshInstance" index="1"]
transform = Transform( 1, 0, 0, 0, 1, 0, 0, 0, 1, 32, 74, 0 )
input_ray_pickable = false
input_capture_on_drag = false
space_override = 0
gravity_point = false
gravity_distance_scale = 0.0
gravity_vec = Vector3( 0, -1, 0 )
gravity = 9.8
linear_damp = 0.1
angular_damp = 1.0
priority = 0.0
monitoring = true
monitorable = true
collision_layer = 1
collision_mask = 1
audio_bus_override = false
audio_bus_name = "Master"
reverb_bus_enable = false
reverb_bus_name = "Master"
reverb_bus_amount = 0.0
reverb_bus_uniformity = 0.0
_sections_unfolded = [ "Transform" ]

[node name="CollisionShape" type="CollisionShape" parent="MeshInstance/Area" index="0"]
shape = SubResource( 2 )
disabled = false

[connection signal="body_entered" from="MeshInstance/Area" to="." method="_on_Area_body_entered"]
[connection signal="body_exited" from="MeshInstance/Area" to="." method="_on_Area_body_exited"]
